@article{rsa,
    author={R.L. Rivest, A. Shamir, and L. Adleman},
    title="A Method for Obtaining Digital Signatures and Public-Key Cryptosystems",
    journal="Communications of the ACM",
    year="1978",
    url="http://people.csail.mit.edu/rivest/Rsapaper.pdf"
}

@article{primality_akalin,
    author="Fred Akalin",
    title="An Introduction ot Primality Testing",
    month="July",
    year="2012",
    url="https://www.akalin.com/intro-primality-testing"
}

@article{fermat_to_aks,
    author="Shreejit Bandyopadhyay",
    title="Primality Testing A Journey from Fermat to AKS",
    url="www.cmi.ac.in/~shreejit/primality.pdf"
}

@misc{so_rsa_proof,
    author="Matteo (http://crypto.stackexchange.com/users/1204/matteo)",
    title="{RSA} Proof of Correctness",
    month="June",
    year="2012",
    howpublished="Stack Exchange Cryptography",
    url="http://crypto.stackexchange.com/a/2894"
}
